<record><leader>00000cas a2200000 a 4500</leader><controlfield tag="001">14351308</controlfield><controlfield tag="008">861007d1uuu1978kyuwr ne      0    0eng d</controlfield><datafield ind1=" " ind2=" " tag="010"><subfield code="a">sn 86069595 </subfield></datafield><datafield ind1=" " ind2=" " tag="040"><subfield code="a">KNP</subfield><subfield code="b">eng</subfield><subfield code="c">KNP</subfield><subfield code="d">OCL</subfield><subfield code="d">OCLCQ</subfield><subfield code="d">KYUBL</subfield><subfield code="d">OCLCQ</subfield><subfield code="d">OCLCF</subfield><subfield code="d">OCLCO</subfield></datafield><datafield ind1=" " ind2=" " tag="042"><subfield code="a">msc</subfield></datafield><datafield ind1=" " ind2=" " tag="043"><subfield code="a">n-us-ky</subfield></datafield><datafield ind1="0" ind2="0" tag="245"><subfield code="a">Fleming gazette.</subfield></datafield><datafield ind1=" " ind2=" " tag="260"><subfield code="a">Flemingsburg, Ky. :</subfield><subfield code="b">[s.n.],</subfield><subfield code="c">-1978.</subfield></datafield><datafield ind1=" " ind2=" " tag="300"><subfield code="a">v. :</subfield><subfield code="b">ill.</subfield></datafield><datafield ind1=" " ind2=" " tag="310"><subfield code="a">Weekly</subfield></datafield><datafield ind1="0" ind2=" " tag="362"><subfield code="a">-Apr. 5, 1978.</subfield></datafield><datafield ind1=" " ind2=" " tag="515"><subfield code="a">Numbering dropped in 19??</subfield></datafield><datafield ind1=" " ind2=" " tag="588"><subfield code="a">Description based on: Vol. 25, no. 47 (Sept. 5, 1905).</subfield></datafield><datafield ind1=" " ind2="0" tag="651"><subfield code="a">Flemingsburg (Ky.)</subfield><subfield code="v">Newspapers.</subfield></datafield><datafield ind1=" " ind2="0" tag="651"><subfield code="a">Fleming County (Ky.)</subfield><subfield code="v">Newspapers.</subfield></datafield><datafield ind1=" " ind2="7" tag="655"><subfield code="a">Newspapers.</subfield><subfield code="2">fast</subfield><subfield code="0">(OCoLC)fst01423814</subfield></datafield><datafield ind1=" " ind2="7" tag="651"><subfield code="a">Kentucky</subfield><subfield code="z">Fleming County.</subfield><subfield code="2">fast</subfield><subfield code="0">(OCoLC)fst01207602</subfield></datafield><datafield ind1=" " ind2="7" tag="651"><subfield code="a">Kentucky</subfield><subfield code="z">Flemingsburg.</subfield><subfield code="2">fast</subfield><subfield code="0">(OCoLC)fst01250163</subfield></datafield><datafield ind1=" " ind2=" " tag="752"><subfield code="a">United States</subfield><subfield code="b">Kentucky</subfield><subfield code="c">Fleming</subfield><subfield code="d">Flemingsburg.</subfield></datafield><datafield ind1="0" ind2="0" tag="780"><subfield code="t">Flemingsburg gazette (Flemingsburg, Ky.)</subfield><subfield code="w">(DLC)sn 86069594</subfield></datafield><datafield ind1="0" ind2="0" tag="785"><subfield code="t">Flemingsburg gazette (Flemingsburg, Ky. : 1978)</subfield><subfield code="w">(DLC)sn 86069596</subfield></datafield></record>